@misc{Alpha,
  title = {{Analisis y Dise√±o de Sistemas}},
  author = "KENNETH KENDALL",
  howpublished = {Recuperado de: \url{https://http://cotana.informatica.edu.bo/downloads/ld-Analisis%20y%20Diseno%20de%20Sistemas_Kendall-8va.pdf.com}},
  year = "2011"
}

